@Misc{ luaabout,
	title = "Lua: about",
	author = "Roberto Ierusalimschy",
	month = "11",
	year = "2010",
	url = "http://www.lua.org/about.html"
}

@Misc{ luaorg,
	title = "Lua.org",
	author = "Roberto Ierusalimschy",
	month = "7",
	year = "2010",
	url = "http://www.lua.org/"
}

@Misc{ luacient,
	title = "SlangTNG",
	author = "Sebastian Wolff",
	month = "3",
	year = "2010",
	url = "http://tng.tuxfamily.org/"
}

@Misc{ luascript,
	title = "The Engine Survey: General results",
	author = "Mark DeLoura",
	month = "3",
	year = "2009",
	url = "http://www.satori.org/2009/03/the-engine-survey-general-results/"
}

@Misc{ luaweb,
	title = "Tir: A Mongrel2+Lua Micro-Framework",
	author = "Zed Shaw",
	month = "10",
	year = "2010",
	url = "http://sheddingbikes.com/posts/1289384533.html"
}

@Misc{ closures,
	title = "Closures",
	author = "A internet internet {internet internet}",
	month = "11",
	year = "2010",
	url = "http://en.wikipedia.org/wiki/Closure"
}

@Book{ pil,
	title = "Programming In Lua",
	author = "Roberto Ierusalimschy",
	publisher = "Roberto Ierusalimschy",
	year = "2003",
	isbn = "8590379817",
	url = "http://www.lua.org/pil/index.html"
}

@Book{ luamanual,
	title = "Lua 5.1 Reference Manual",
	author = "Roberto Ierusalimschy and Luiz Henrique de Figueiredo and Waldemar Celes",
	publisher = "Lua.org",
	year = "2006",
	isbn = "8590379833",
	url = "http://www.lua.org/manual/5.1/index.html"
}

@Misc{ pbo,
	title = "Prototype-based Programming",
	author = "A internet internet {internet internet}",
	month = "11",
	year = "2010",
	url = "http://en.wikipedia.org/wiki/Prototype-based programming"
}

